<record><leader>00000cas a2200000 a 4500</leader><controlfield tag="001">61710321</controlfield><controlfield tag="008">050926cuuuu9999nyuwr ne      0   a0eng c</controlfield><datafield ind1=" " ind2=" " tag="010"><subfield code="a">sn2005058198</subfield><subfield code="z">  2005214731</subfield></datafield><datafield ind1=" " ind2=" " tag="040"><subfield code="a">NSD</subfield><subfield code="b">eng</subfield><subfield code="c">NSD</subfield><subfield code="d">DLC</subfield><subfield code="d">OCLCQ</subfield><subfield code="d">OCLCF</subfield><subfield code="d">OCLCO</subfield></datafield><datafield ind1="1" ind2=" " tag="022"><subfield code="a">1558-3325</subfield><subfield code="l">1558-3325</subfield><subfield code="2">1</subfield></datafield><datafield ind1=" " ind2=" " tag="037"><subfield code="b">American Eastern Eye, POB 1806, Yonkers, NY 10704</subfield><subfield code="c">$75.00</subfield></datafield><datafield ind1=" " ind2=" " tag="042"><subfield code="a">nsdp</subfield><subfield code="a">pcc</subfield></datafield><datafield ind1=" " ind2=" " tag="043"><subfield code="a">n-us-ny</subfield></datafield><datafield ind1="0" ind2="0" tag="050"><subfield code="a">Newspaper</subfield></datafield><datafield ind1=" " ind2="0" tag="222"><subfield code="a">American eastern eye</subfield></datafield><datafield ind1="0" ind2="0" tag="245"><subfield code="a">American eastern eye.</subfield></datafield><datafield ind1=" " ind2=" " tag="260"><subfield code="a">Yonkers, NY :</subfield><subfield code="b">Metro land Pub. &amp; Distribution Ltd.</subfield></datafield><datafield ind1=" " ind2=" " tag="300"><subfield code="a">v.</subfield></datafield><datafield ind1=" " ind2=" " tag="310"><subfield code="a">Weekly</subfield></datafield><datafield ind1=" " ind2=" " tag="588"><subfield code="a">Description based on: Vol. 12, no. 48 (16/23 Dec., 2004).</subfield></datafield><datafield ind1=" " ind2="0" tag="650"><subfield code="a">Asian Americans</subfield><subfield code="v">Newspapers.</subfield></datafield><datafield ind1=" " ind2="0" tag="651"><subfield code="a">Yonkers (N.Y.)</subfield><subfield code="v">Newspapers.</subfield></datafield><datafield ind1=" " ind2="7" tag="655"><subfield code="a">Newspapers.</subfield><subfield code="2">fast</subfield><subfield code="0">(OCoLC)fst01423814</subfield></datafield><datafield ind1=" " ind2="7" tag="650"><subfield code="a">Asian Americans.</subfield><subfield code="2">fast</subfield><subfield code="0">(OCoLC)fst00818620</subfield></datafield><datafield ind1=" " ind2="7" tag="651"><subfield code="a">New York (State)</subfield><subfield code="z">Yonkers.</subfield><subfield code="2">fast</subfield><subfield code="0">(OCoLC)fst01215788</subfield></datafield><datafield ind1=" " ind2=" " tag="752"><subfield code="a">United States</subfield><subfield code="b">New York</subfield><subfield code="c">Westchester</subfield><subfield code="d">Yonkers.</subfield></datafield></record>